
@article{Buttazzo:2013uya,
      author         = "Buttazzo, Dario and Degrassi, Giuseppe and Giardino, Pier
                        Paolo and Giudice, Gian F. and Sala, Filippo and Salvio,
                        Alberto and Strumia, Alessandro",
      title          = "{Investigating the near-criticality of the Higgs boson}",
      journal        = "JHEP",
      volume         = "12",
      year           = "2013",
      pages          = "089",
      doi            = "10.1007/JHEP12(2013)089",
      eprint         = "1307.3536",
      archivePrefix  = "arXiv",
      primaryClass   = "hep-ph",
      reportNumber   = "CERN-PH-TH-2013-166, FTUAM-13-20, IFT-UAM-CSIC-13-081,
                        IFUP-TH",
      SLACcitation   = "%%CITATION = ARXIV:1307.3536;%%"
}

@article{Brivio:2018rzm,
      author         = "Brivio, Ilaria and Trott, Michael",
      title          = "{Examining the neutrino option}",
      journal        = "JHEP",
      volume         = "02",
      year           = "2019",
      pages          = "107",
      doi            = "10.1007/JHEP02(2019)107",
      eprint         = "1809.03450",
      archivePrefix  = "arXiv",
      primaryClass   = "hep-ph",
      SLACcitation   = "%%CITATION = ARXIV:1809.03450;%%"
}

@article{Kniehl:2016enc,
      author         = "Kniehl, Bernd A. and Pikelner, Andrey F. and Veretin,
                        Oleg L.",
      title          = "{mr: a C++ library for the matching and running of the
                        Standard Model parameters}",
      journal        = "Comput. Phys. Commun.",
      volume         = "206",
      year           = "2016",
      pages          = "84-96",
      doi            = "10.1016/j.cpc.2016.04.017",
      eprint         = "1601.08143",
      archivePrefix  = "arXiv",
      primaryClass   = "hep-ph",
      reportNumber   = "DESY-16-019",
      SLACcitation   = "%%CITATION = ARXIV:1601.08143;%%",
      note = "\href{https://github.com/apik/mr}{GitHub:\texttt{apik/mr}}"
}
